@inproceedings{samih_2019_towards,
author = {Samih, Amina and Adadi, Amina and Berrada, Mohammed},
title = {Towards a Knowledge Based Explainable Recommender Systems},
year = {2019},
isbn = {9781450372404},
publisher = {Association for Computing Machinery},
address = {New York, NY, USA},
url = {https://doi.org/10.1145/3372938.3372959},
doi = {10.1145/3372938.3372959},
booktitle = {Proceedings of the 4th International Conference on Big Data and Internet of Things},
articleno = {21},
numpages = {5},
keywords = {Recommender Systems, Machine Learning, Explainable AI},
location = {Rabat, Morocco},
series = {BDIoT'19}
}

@article{zhu2018person,
  title={Person-job fit: Adapting the right talent for the right job with joint representation learning},
  author={Zhu, Chen and Zhu, Hengshu and Xiong, Hui and Ma, Chao and Xie, Fang and Ding, Pengliang and Li, Pan},
  journal={ACM Transactions on Management Information Systems (TMIS)},
  volume={9},
  number={3},
  pages={1--17},
  year={2018},
  publisher={ACM New York, NY, USA}
}

@inproceedings{tintarev2007survey,
  title={A survey of explanations in recommender systems},
  author={Tintarev, Nava and Masthoff, Judith},
  booktitle={2007 IEEE 23rd international conference on data engineering workshop},
  pages={801--810},
  year={2007},
  organization={IEEE}
}

@article{lucic2021multistakeholder,
  title={A multistakeholder approach towards evaluating ai transparency mechanisms},
  author={Lucic, Ana and Srikumar, Madhulika and Bhatt, Umang and Xiang, Alice and Taly, Ankur and Liao, Q Vera and de Rijke, Maarten},
  journal={arXiv preprint arXiv:2103.14976},
  year={2021}
}

@misc{openai2022chatgpt,
  author = {OpenAI},
  title = {ChatGPT: Optimizing Language Models for Dialogue},
  howpublished = {\url{https://openai.com/blog/chatgpt/}} ,
  year = {2022}
}

@article{bianchini2005inside,
  title={Inside pagerank},
  author={Bianchini, Monica and Gori, Marco and Scarselli, Franco},
  journal={ACM Transactions on Internet Technology (TOIT)},
  volume={5},
  number={1},
  pages={92--128},
  year={2005},
  publisher={ACM New York, NY, USA}
}

@article{yildirim2021bideepfm,
  title={biDeepFM: A multi-objective deep factorization machine for reciprocal recommendation},
  author={Y{\i}ld{\i}r{\i}m, Ezgi and Azad, Payam and {\"O}{\u{g}}{\"u}d{\"u}c{\"u}, {\c{S}}ule G{\"u}nd{\"u}z},
  journal={Engineering Science and Technology, an International Journal},
  volume={24},
  number={6},
  pages={1467--1477},
  year={2021},
  publisher={Elsevier}
}

@article{arya2019one,
  title={One explanation does not fit all: A toolkit and taxonomy of ai explainability techniques},
  author={Arya, Vijay and Bellamy, Rachel KE and Chen, Pin-Yu and Dhurandhar, Amit and Hind, Michael and Hoffman, Samuel C and Houde, Stephanie and Liao, Q Vera and Luss, Ronny and Mojsilovi{\'c}, Aleksandra and others},
  journal={arXiv preprint arXiv:1909.03012},
  year={2019}
}

@inproceedings{poli2021generation,
  title={Generation of textual explanations in XAI: The case of semantic annotation},
  author={Poli, Jean-Philippe and Ouerdane, Wassila and Pierrard, Regis},
  booktitle={2021 IEEE International Conference on Fuzzy Systems (FUZZ-IEEE)},
  pages={1--6},
  year={2021},
  organization={IEEE}
}

@inproceedings{goebel2018explainable,
  title={Explainable AI: the new 42?},
  author={Goebel, Randy and Chander, Ajay and Holzinger, Katharina and Lecue, Freddy and Akata, Zeynep and Stumpf, Simone and Kieseberg, Peter and Holzinger, Andreas},
  booktitle={Machine Learning and Knowledge Extraction: Second IFIP TC 5, TC 8/WG 8.4, 8.9, TC 12/WG 12.9 International Cross-Domain Conference, CD-MAKE 2018, Hamburg, Germany, August 27--30, 2018, Proceedings 2},
  pages={295--303},
  year={2018},
  organization={Springer}
}

@article{menon2022visual,
  title={Visual Classification via Description from Large Language Models},
  author={Menon, Sachit and Vondrick, Carl},
  journal={arXiv preprint arXiv:2210.07183},
  year={2022}
}

@inproceedings{wrede2022linguistic,
  title={Linguistic Summaries as Explanation Mechanism for Classification Problems},
  author={Wrede, Carla and Winands, Mark HM and Wilbik, Anna},
  booktitle={The 34rd Benelux Conference on Artificial Intelligence and the 31th Belgian Dutch Conference on Machine Learning},
  year={2022}
}

@inproceedings{palacio2021xai,
  title={Xai handbook: towards a unified framework for explainable AI},
  author={Palacio, Sebastian and Lucieri, Adriano and Munir, Mohsin and Ahmed, Sheraz and Hees, J{\"o}rn and Dengel, Andreas},
  booktitle={Proceedings of the IEEE/CVF International Conference on Computer Vision},
  pages={3766--3775},
  year={2021}
}

@article{fauvel2021xcm,
  title={Xcm: An explainable convolutional neural network for multivariate time series classification},
  author={Fauvel, Kevin and Lin, Tao and Masson, V{\'e}ronique and Fromont, {\'E}lisa and Termier, Alexandre},
  journal={Mathematics},
  volume={9},
  number={23},
  pages={3137},
  year={2021},
  publisher={Multidisciplinary Digital Publishing Institute}
}

@article{abdollahpouri2020multistakeholder,
  title={Multistakeholder recommendation: Survey and research directions},
  author={Abdollahpouri, Himan and Adomavicius, Gediminas and Burke, Robin and Guy, Ido and Jannach, Dietmar and Kamishima, Toshihiro and Krasnodebski, Jan and Pizzato, Luiz},
  journal={User Modeling and User-Adapted Interaction},
  volume={30},
  pages={127--158},
  year={2020},
  publisher={Springer}
}

@article{hagras2018toward,
  title={Toward human-understandable, explainable AI},
  author={Hagras, Hani},
  journal={Computer},
  volume={51},
  number={9},
  pages={28--36},
  year={2018},
  publisher={IEEE}
}

@article{mei2023users,
  title={Users are the North Star for AI Transparency},
  author={Mei, Alex and Saxon, Michael and Chang, Shiyu and Lipton, Zachary C and Wang, William Yang},
  journal={arXiv preprint arXiv:2303.05500},
  year={2023}
}

@inproceedings{wang2019kgat,
  title={Kgat: Knowledge graph attention network for recommendation},
  author={Wang, Xiang and He, Xiangnan and Cao, Yixin and Liu, Meng and Chua, Tat-Seng},
  booktitle={Proceedings of the 25th ACM SIGKDD international conference on knowledge discovery \& data mining},
  pages={950--958},
  year={2019}
}

@article{longhurst2003semi,
  title={Semi-structured interviews and focus groups},
  author={Longhurst, Robyn},
  journal={Key methods in geography},
  volume={3},
  number={2},
  pages={143--156},
  year={2003}
}


@article{walker2006grounded,
  title={Grounded theory: An exploration of process and procedure},
  author={Walker, Diane and Myrick, Florence},
  journal={Qualitative health research},
  volume={16},
  number={4},
  pages={547--559},
  year={2006},
  publisher={Sage Publications Sage CA: Thousand Oaks, CA}
}

@inproceedings{herlocker2000explaining,
  title={Explaining collaborative filtering recommendations},
  author={Herlocker, Jonathan L and Konstan, Joseph A and Riedl, John},
  booktitle={Proceedings of the 2000 ACM conference on Computer supported cooperative work},
  pages={241--250},
  year={2000}
}

@article{karlan2009trust,
  title={Trust and social collateral},
  author={Karlan, Dean and Mobius, Markus and Rosenblat, Tanya and Szeidl, Adam},
  journal={The Quarterly Journal of Economics},
  volume={124},
  number={3},
  pages={1307--1361},
  year={2009},
  publisher={MIT Press}
}

@inproceedings{guesmi2021open,
  title={Open, Scrutable and Explainable Interest Models for Transparent Recommendation.},
  author={Guesmi, Mouadh and Chatti, Mohamed Amine and Sun, Yiqi and Zumor, Shadi and Ji, Fangzheng and Muslim, Arham and Vorgerd, Laura and Joarder, Shoeb Ahmed},
  booktitle={IUI Workshops},
  year={2021}
}

@incollection{tintarev2011designing,
  title={Designing and evaluating explanations for recommender systems},
  author={Tintarev, Nava and Masthoff, Judith},
  booktitle={Recommender systems handbook},
  pages={479--510},
  year={2011},
  publisher={Springer}
}

@inproceedings{kouki2019personalized,
  title={Personalized explanations for hybrid recommender systems},
  author={Kouki, Pigi and Schaffer, James and Pujara, Jay and O'Donovan, John and Getoor, Lise},
  booktitle={Proceedings of the 24th International Conference on Intelligent User Interfaces},
  pages={379--390},
  year={2019}
}

@article{he2021self,
  title={Self-Attentional Multi-Field Features Representation and Interaction Learning for Person-Job Fit},
  author={He, Miao and Shen, Dayong and Wang, Tao and Zhao, Hua and Zhang, Zhongshan and He, Renjie},
  journal={IEEE Transactions on Computational Social Systems},
  year={2021},
  publisher={IEEE}
}

@inproceedings{gupta2014applying,
  title={Applying data mining techniques in job recommender system for considering candidate job preferences},
  author={Gupta, Anika and Garg, Deepak},
  booktitle={2014 International Conference on Advances in Computing, Communications and Informatics (ICACCI)},
  pages={1458--1465},
  year={2014},
  organization={IEEE}
}

% Initial idea
@inproceedings{huang_2018_improving,
author = {Huang, Jin and Zhao, Wayne Xin and Dou, Hongjian and Wen, Ji-Rong and Chang, Edward Y.},
title = {Improving Sequential Recommendation with Knowledge-Enhanced Memory Networks},
year = {2018},
isbn = {9781450356572},
publisher = {Association for Computing Machinery},
address = {New York, NY, USA},
url = {https://doi.org/10.1145/3209978.3210017},
doi = {10.1145/3209978.3210017},
booktitle = {The 41st International ACM SIGIR Conference on Research and Development in Information Retrieval},
pages = {505â€“514},
numpages = {10},
keywords = {knowledge base, memory network, sequential recommendation},
location = {Ann Arbor, MI, USA},
series = {SIGIR '18}
}

% Simple, but clear explanations. 
@article{rago2021argumentative,
  title={Argumentative explanations for interactive recommendations},
  author={Rago, Antonio and Cocarascu, Oana and Bechlivanidis, Christos and Lagnado, David and Toni, Francesca},
  journal={Artificial Intelligence},
  volume={296},
  pages={103506},
  year={2021},
  publisher={Elsevier}
}

% Multi-stakeholder aspect
@inproceedings{cornacchia2021explanation,
  title={Explanation in multi-stakeholder recommendation for enterprise decision support systems},
  author={Cornacchia, Giandomenico and Donini, Francesco M and Narducci, Fedelucio and Pomo, Claudio and Ragone, Azzurra},
  booktitle={International Conference on Advanced Information Systems Engineering},
  pages={39--47},
  year={2021},
  organization={Springer}
}


@article{liu2018personalizing,
  title={Personalizing fairness-aware re-ranking},
  author={Liu, Weiwen and Burke, Robin},
  journal={arXiv preprint arXiv:1809.02921},
  year={2018}
}

@article{palomares2021reciprocal,
  title={Reciprocal recommender systems: Analysis of state-of-art literature, challenges and opportunities towards social recommendation},
  author={Palomares, Iv{\'a}n and Porcel, Carlos and Pizzato, Luiz and Guy, Ido and Herrera-Viedma, Enrique},
  journal={Information Fusion},
  volume={69},
  pages={103--127},
  year={2021},
  publisher={Elsevier}
}


@article{bahdanau2014neural,
  title={Neural machine translation by jointly learning to align and translate},
  author={Bahdanau, Dzmitry and Cho, Kyunghyun and Bengio, Yoshua},
  journal={arXiv preprint arXiv:1409.0473},
  year={2014}
}

@article{bordes2013translating,
  title={Translating embeddings for modeling multi-relational data},
  author={Bordes, Antoine and Usunier, Nicolas and Garcia-Duran, Alberto and Weston, Jason and Yakhnenko, Oksana},
  journal={Advances in neural information processing systems},
  volume={26},
  year={2013}
}

@inproceedings{ekstrand2018exploring,
  title={Exploring author gender in book rating and recommendation},
  author={Ekstrand, Michael D and Tian, Mucun and Kazi, Mohammed R Imran and Mehrpouyan, Hoda and Kluver, Daniel},
  booktitle={Proceedings of the 12th ACM conference on recommender systems},
  pages={242--250},
  year={2018}
}

@article{chang2022graphrr,
  title={GraphRR: A multiplex Graph based Reciprocal friend Recommender system with applications on online gaming service},
  author={Chang, Yaomin and Shu, Lin and Du, Erxin and Chen, Chuan and Zhang, Ziyang and Zheng, Zibin and Huang, Yuzhao and Xing, Xingxing},
  journal={Knowledge-Based Systems},
  volume={251},
  pages={109187},
  year={2022},
  publisher={Elsevier}
}

@article{Upadhyay2021,
   author = {Chirayu Upadhyay and Hasan Abu-Rasheed and Christian Weber and Madjid Fathi},
   doi = {10.1109/SMC52423.2021.9658757},
   isbn = {9781665442077},
   issn = {1062922X},
   journal = {Conference Proceedings - IEEE International Conference on Systems, Man and Cybernetics},
   pages = {3291-3296},
   publisher = {Institute of Electrical and Electronics Engineers Inc.},
   title = {Explainable Job-Posting Recommendations Using Knowledge Graphs and Named Entity Recognition},
   year = {2021},
}

@misc{EU2021ai,
    author = {European Commission},
    title = {Proposal for a Regulation of the European Parliament and of the Council laying down harmonised rules on artificial intelligence (Artificial Intelligence Act) and amending certain Union legislative acts},
    year = {2021},
    month = {4},
    url = {https://eur-lex.europa.eu/legalcontent/EN/TXT/?qid=1623335154975\&uri=CELEX\%3A52021PC0206}
}

@incollection{schafer2007collaborative,
  title={Collaborative filtering recommender systems},
  author={Schafer, J Ben and Frankowski, Dan and Herlocker, Jon and Sen, Shilad},
  booktitle={The adaptive web},
  pages={291--324},
  year={2007},
  publisher={Springer}
}

@article{lops2011content,
  title={Content-based recommender systems: State of the art and trends},
  author={Lops, Pasquale and Gemmis, Marco de and Semeraro, Giovanni},
  journal={Recommender systems handbook},
  pages={73--105},
  year={2011},
  publisher={Springer}
}

@inproceedings{condliff1999bayesian,
  title={Bayesian mixed-effects models for recommender systems},
  author={Condliff, Michelle Keim and Lewis, David D and Madigan, David and Posse, Christian},
  booktitle={ACM SIGIR},
  volume={99},
  pages={23--30},
  year={1999},
  organization={Citeseer}
}

@INPROCEEDINGS{Burke2000knowledge-basedrecommender,
    author = {Robin Burke},
    title = {Knowledge-Based Recommender Systems},
    booktitle = {ENCYCLOPEDIA OF LIBRARY AND INFORMATION SYSTEMS},
    year = {2000},
    pages = {2000},
    publisher = {Marcel Dekker}
}

@article{tiddi2022knowledge,
  title={Knowledge graphs as tools for explainable machine learning: A survey},
  author={Tiddi, Ilaria and Schlobach, Stefan},
  journal={Artificial Intelligence},
  volume={302},
  pages={103627},
  year={2022},
  publisher={Elsevier}
}

@article{rodriguez2010using,
  title={Using linguistic incomplete preference relations to cold start recommendations},
  author={Rodr{\'i}guez, Rosa M and Espinilla, Macarena and S{\'a}nchez, Pedro J and Mart{'\i}nez-L{\'o}pez, Luis},
  journal={Internet Research},
  year={2010},
  publisher={Emerald Group Publishing Limited}
}

@article{lu2012recommender,
  title={Recommender systems},
  author={L{\"u}, Linyuan and Medo, Mat{\'u}{\v{s}} and Yeung, Chi Ho and Zhang, Yi-Cheng and Zhang, Zi-Ke and Zhou, Tao},
  journal={Physics reports},
  volume={519},
  number={1},
  pages={1--49},
  year={2012},
  publisher={Elsevier}
}

@article{qin2020enhanced,
  title={An enhanced neural network approach to person-job fit in talent recruitment},
  author={Qin, Chuan and Zhu, Hengshu and Xu, Tong and Zhu, Chen and Ma, Chao and Chen, Enhong and Xiong, Hui},
  journal={ACM Transactions on Information Systems (TOIS)},
  volume={38},
  number={2},
  pages={1--33},
  year={2020},
  publisher={ACM New York, NY, USA}
}

@inproceedings{bian2019domain,
  title={Domain adaptation for person-job fit with transferable deep global match network},
  author={Bian, Shuqing and Zhao, Wayne Xin and Song, Yang and Zhang, Tao and Wen, Ji-Rong},
  booktitle={Proceedings of the 2019 conference on empirical methods in natural language processing and the 9th international joint conference on natural language processing (EMNLP-IJCNLP)},
  pages={4810--4820},
  year={2019}
}

@inproceedings{lu2013recommender,
  title={A recommender system for job seeking and recruiting website},
  author={Lu, Yao and El Helou, Sandy and Gillet, Denis},
  booktitle={Proceedings of the 22nd International Conference on World Wide Web},
  pages={963--966},
  year={2013}
}

@inproceedings{qin2018enhancing,
  title={Enhancing person-job fit for talent recruitment: An ability-aware neural network approach},
  author={Qin, Chuan and Zhu, Hengshu and Xu, Tong and Zhu, Chen and Jiang, Liang and Chen, Enhong and Xiong, Hui},
  booktitle={The 41st international ACM SIGIR conference on research \& development in information retrieval},
  pages={25--34},
  year={2018}
}

@article{sekiguchi2004person,
  title={Person-organization fit and person-job fit in employee selection: A review of the literature},
  author={Sekiguchi, Tomoki},
  journal={Osaka keidai ronshu},
  volume={54},
  number={6},
  pages={179--196},
  year={2004}
}

@article{ehrhart2007testing,
  title={Testing vocational interests and personality as predictors of person-vocation and person-job fit},
  author={Ehrhart, Karen Holcombe and Makransky, Guido},
  journal={Journal of Career Assessment},
  volume={15},
  number={2},
  pages={206--226},
  year={2007},
  publisher={Sage Publications Sage CA: Los Angeles, CA}
}

@article{caldwell1990measuring,
  title={Measuring person-job fit with a profile-comparison process.},
  author={Caldwell, David F and O'Reilly III, Charles A},
  journal={Journal of applied psychology},
  volume={75},
  number={6},
  pages={648},
  year={1990},
  publisher={American Psychological Association}
}

@article{werbel1999person,
  title={Person-environment fit in the selection process},
  author={Werbel, J.D. and Gilliland, S.W.},
  journal={G. R. Ferris (Ed.), Research in human resources management},
  volume={17},
  pages={109--243},
  publisher={Elsevier Science/JAI Press.}
}

@inproceedings{rashid2005influence,
  title={Influence in ratings-based recommender systems: An algorithm-independent approach},
  author={Rashid, Al Mamunur and Karypis, George and Riedl, John},
  booktitle={Proceedings of the 2005 SIAM International Conference on Data Mining},
  pages={556--560},
  year={2005},
  organization={SIAM}
}

@inproceedings{abel2017recsys,
  title={Recsys challenge 2017: Offline and online evaluation},
  author={Abel, Fabian and Deldjoo, Yashar and Elahi, Mehdi and Kohlsdorf, Daniel},
  booktitle={Proceedings of the eleventh acm conference on recommender systems},
  pages={372--373},
  year={2017}
}

@report{lavi2021consult,
   author = {Dor Lavi and Volodymyr Medentsiy and David Graus},
   keywords = {BERT,fine-tuning,job matching},
   title = {conSultantBERT: Fine-tuned Siamese Sentence-BERT for Matching Jobs and Job Seekers},
   url = {https://tika.apache.org/},
   year = {2021}
}

@article{li2020competence,
  title={Competence-level prediction and resume \& job description matching using context-aware transformer models},
  author={Li, Changmao and Fisher, Elaine and Thomas, Rebecca and Pittard, Steve and Hertzberg, Vicki and Choi, Jinho D},
  journal={arXiv preprint arXiv:2011.02998},
  year={2020}
}

@inproceedings{rendle2010factorization,
  title={Factorization machines},
  author={Rendle, Steffen},
  booktitle={2010 IEEE International conference on data mining},
  pages={995--1000},
  year={2010},
  organization={IEEE}
}

@article{leksin2016job,
   author = {Vasily Leksin and Andrey Ostapets},
   year = {2016},
   city = {New York, New York, USA},
   doi = {10.1145/2987538},
   isbn = {9781450348010},
   journal = {Proceedings of the Recommender Systems Challenge on   - RecSys Challenge '16},
   keywords = {CCS Concepts â€¢Information systems â†’ Recommender systems,Collaborative Filtering,Factoriza-tion Machine,In-formation retrieval,Keywords Recommender System,Topic Modelling,â€¢Computing methodologies â†’ Topic modeling},
   publisher = {ACM Press},
   title = {Job Recommendation Based on Factorization Machine and Topic Modelling},
   url = {http://dx.doi.org/10.1145/2987538.2987542},
}


@article{guo2020DeText,
   author = {Weiwei Guo and Xiaowei Liu and Sida Wang and Huiji Gao and Ananth Sankar and Zimeng Yang and Qi Guo and Liang Zhang and Bo Long and Bee Chung Chen and Deepak Agarwal},
   doi = {10.1145/3340531.3412699},
   isbn = {9781450368599},
   journal = {International Conference on Information and Knowledge Management, Proceedings},
   keywords = {deep language models,natural language processing,ranking},
   month = {10},
   pages = {2509-2516},
   publisher = {Association for Computing Machinery},
   title = {DeText: A Deep Text Ranking Framework with BERT},
   year = {2020},
}

@article{devlin2018bert,
  title={Bert: Pre-training of deep bidirectional transformers for language understanding},
  author={Devlin, Jacob and Chang, Ming-Wei and Lee, Kenton and Toutanova, Kristina},
  journal={arXiv preprint arXiv:1810.04805},
  year={2018}
}

@inproceedings{abel2016recsys,
  title={Recsys challenge 2016: Job recommendations},
  author={Abel, Fabian and Bencz{\'u}r, Andr{\'a}s and Kohlsdorf, Daniel and Larson, Martha and P{\'a}lovics, R{\'o}bert},
  booktitle={Proceedings of the 10th ACM conference on recommender systems},
  pages={425--426},
  year={2016}
}

@article{mishra2021enhanced,
  title={Enhanced DSSM (deep semantic structure modelling) technique for job recommendation},
  author={Mishra, Ravita and Rathi, Sheetal},
  journal={Journal of King Saud University-Computer and Information Sciences},
  year={2021},
  publisher={Elsevier}
}

@article{barrak2022toward,
  title={Toward a traceable, explainable, and fairJD/Resume recommendation system},
  author={Barrak, Amine and Adams, Bram and Zouaq, Amal},
  journal={arXiv preprint arXiv:2202.08960},
  year={2022}
}

@inproceedings{kumari2023siamese,
  title={Siamese Bi-Directional Gated Recurrent Units Network for Generating Reciprocal Recommendations in Online Job Recommendation},
  author={Kumari, Tulika and Sharma, Ravish and Bedi, Punam},
  booktitle={International Conference on Innovative Computing and Communications},
  pages={257--269},
  year={2023},
  organization={Springer}
}


@article{mashayekhi2022challenge,
  title={A challenge-based survey of e-recruitment recommendation systems},
  author={Mashayekhi, Yoosof and Li, Nan and Kang, Bo and Lijffijt, Jefrey and De Bie, Tijl},
  journal={arXiv preprint arXiv:2209.05112},
  year={2022}
}

@article{le2019towards,
   author = {Ran Le and Tao Zhang and Wenpeng Hu and Dongyan Zhao and Yang Song and Rui Yan},
   doi = {10.1145/3357384.3357949},
   isbn = {9781450369763},
   journal = {International Conference on Information and Knowledge Management, Proceedings},
   keywords = {Interpretable Ranking,Multi-tasks Optimization,Person-Job Fit},
   month = {11},
   pages = {1883-1892},
   publisher = {Association for Computing Machinery},
   title = {Towards effective and interpretable person-job fitting},
   url = {https://doi.org/10.1145/3357384.3357949},
   year = {2019},
}

@article{yin2017comparative,
  title={Comparative study of CNN and RNN for natural language processing},
  author={Yin, Wenpeng and Kann, Katharina and Yu, Mo and Sch{\"u}tze, Hinrich},
  journal={arXiv preprint arXiv:1702.01923},
  year={2017}
}

@article{sharma2020sentimental,
  title={Sentimental short sentences classification by using CNN deep learning model with fine tuned Word2Vec},
  author={Sharma, Amit Kumar and Chaurasia, Sandeep and Srivastava, Devesh Kumar},
  journal={Procedia Computer Science},
  volume={167},
  pages={1139--1147},
  year={2020},
  publisher={Elsevier}
}

@article{zhao2019sequence,
  title={Sequence labeling with deep gated dual path CNN},
  author={Zhao, Lujun and Qiu, Xipeng and Zhang, Qi and Huang, Xuanjing},
  journal={IEEE/ACM Transactions on Audio, Speech, and Language Processing},
  volume={27},
  number={12},
  pages={2326--2335},
  year={2019},
  publisher={IEEE}
}

@article{mikolov2013efficient,
  title={Efficient estimation of word representations in vector space},
  author={Mikolov, Tomas and Chen, Kai and Corrado, Greg and Dean, Jeffrey},
  journal={arXiv preprint arXiv:1301.3781},
  year={2013}
}

@inproceedings{pennington2014glove,
  title={Glove: Global vectors for word representation},
  author={Pennington, Jeffrey and Socher, Richard and Manning, Christopher D},
  booktitle={Proceedings of the 2014 conference on empirical methods in natural language processing (EMNLP)},
  pages={1532--1543},
  year={2014}
}

@article{liu2020intelligent,
  title={An intelligent CNN-VAE text representation technology based on text semantics for comprehensive big data},
  author={Liu, Genggeng and Guo, Canyang and Xie, Lin and Liu, Wenxi and Xiong, Naixue and Chen, Guolong},
  journal={arXiv preprint arXiv:2008.12522},
  year={2020}
}

@inproceedings{wu2016aspect,
  title={Aspect-based opinion summarization with convolutional neural networks},
  author={Wu, Haibing and Gu, Yiwei and Sun, Shangdi and Gu, Xiaodong},
  booktitle={2016 International Joint Conference on Neural Networks (IJCNN)},
  pages={3157--3163},
  year={2016},
  organization={IEEE}
}

@misc{european_commission_regulation_2016,
  author = {{European Commission}},
  biburl = {https://www.bibsonomy.org/bibtex/243a2175512dc8b9d8855fa7a763cdc3e/zotero},
  interhash = {c7b667cac6031282160a9e94d5a118f8},
  intrahash = {43a2175512dc8b9d8855fa7a763cdc3e},
  keywords = {ddm en m1.3 open_access},
  publisher = {European Commission},
  timestamp = {2020-08-20T11:33:21.000+0200},
  title = {Regulation ({EU}) 2016/679 of the {European} {Parliament} and of the {Council} of 27 {April} 2016 on the protection of natural persons with regard to the processing of personal data and on the free movement of such data, and repealing {Directive} 95/46/{EC} ({General} {Data} {Protection} {Regulation}) ({Text} with {EEA} relevance)},
  url = {https://eur-lex.europa.eu/eli/reg/2016/679/oj},
  year = 2016
}

@article{wanberg2020job,
  title={Job seeking: The process and experience of looking for a job},
  author={Wanberg, Connie R and Ali, Abdifatah A and Csillag, Borbala},
  journal={Annual Review of Organizational Psychology and Organizational Behavior},
  volume={7},
  pages={315--337},
  year={2020},
  publisher={Annual Reviews}
}

@misc{statista_2022, 
  title={Staffing industry: Global revenue}, 
  url={https://www.statista.com/statistics/624116/staffing-industry-revenue-worldwide/},
  journal={Statista},
  author={Statista Research Department},
  year={2022},
  month={10}
} 

@article{bergstra2012random,
  title={Random search for hyper-parameter optimization.},
  author={Bergstra, James and Bengio, Yoshua},
  journal={Journal of machine learning research},
  volume={13},
  number={2},
  year={2012}
}

@article{kingma2014adam,
  title={Adam: A method for stochastic optimization},
  author={Kingma, Diederik P and Ba, Jimmy},
  journal={arXiv preprint arXiv:1412.6980},
  year={2014}
}

@article{hardt2016equality,
  title={Equality of opportunity in supervised learning},
  author={Hardt, Moritz and Price, Eric and Srebro, Nati},
  journal={Advances in neural information processing systems},
  volume={29},
  year={2016}
}

@inproceedings{purificato2021evaluating,
  title={Evaluating Explainable Interfaces for a Knowledge Graph-Based Recommender System.},
  author={Purificato, Erasmo and Manikandan, Baalakrishnan Aiyer and Karanam, Prasanth Vaidya and Pattadkal, Mahantesh Vishvanath and De Luca, Ernesto William},
  booktitle={IntRS@ RecSys},
  pages={73--88},
  year={2021}
}

@inproceedings{liang2018top,
  title={Top-N-rank: A scalable list-wise ranking method for recommender systems},
  author={Liang, Junjie and Hu, Jinlong and Dong, Shoubin and Honavar, Vasant},
  booktitle={2018 IEEE International Conference on Big Data (Big Data)},
  pages={1052--1058},
  year={2018},
  organization={IEEE}
}


@article{cramer2008effects,
  title={The effects of transparency on trust in and acceptance of a content-based art recommender},
  author={Cramer, Henriette and Evers, Vanessa and Ramlal, Satyan and Van Someren, Maarten and Rutledge, Lloyd and Stash, Natalia and Aroyo, Lora and Wielinga, Bob},
  journal={User Modeling and User-adapted interaction},
  volume={18},
  number={5},
  pages={455--496},
  year={2008},
  publisher={Springer}
}

@inproceedings{garcia2018mixed,
  title={Mixed methods for evaluating user satisfaction},
  author={Garcia-Gathright, Jean and Hosey, Christine and Thomas, Brian St and Carterette, Ben and Diaz, Fernando},
  booktitle={Proceedings of the 12th ACM conference on recommender systems},
  pages={541--542},
  year={2018}
}

@inproceedings{auer2018towards,
  title={Towards a knowledge graph for science},
  author={Auer, S{\"o}ren and Kovtun, Viktor and Prinz, Manuel and Kasprzik, Anna and Stocker, Markus and Vidal, Maria Esther},
  booktitle={Proceedings of the 8th International Conference on Web Intelligence, Mining and Semantics},
  pages={1--6},
  year={2018}
}

@inproceedings{fatma2020canonicalizing,
  title={Canonicalizing knowledge bases for recruitment domain},
  author={Fatma, Nausheen and Choudhary, Vijay and Sachdeva, Niharika and Rajput, Nitendra},
  booktitle={Pacific-Asia Conference on Knowledge Discovery and Data Mining},
  pages={500--513},
  year={2020},
  organization={Springer}
}

@inproceedings{dwork2006calibrating,
  title={Calibrating noise to sensitivity in private data analysis},
  author={Dwork, Cynthia and McSherry, Frank and Nissim, Kobbi and Smith, Adam},
  booktitle={Theory of cryptography conference},
  pages={265--284},
  year={2006},
  organization={Springer}
}

@article{holohan2015differential,
  title={Differential privacy in metric spaces: Numerical, categorical and functional data under the one roof},
  author={Holohan, Naoise and Leith, Douglas J and Mason, Oliver},
  journal={Information Sciences},
  volume={305},
  pages={256--268},
  year={2015},
  publisher={Elsevier}
}

@article{sweeney2002k,
  title={k-anonymity: A model for protecting privacy},
  author={Sweeney, Latanya},
  journal={International journal of uncertainty, fuzziness and knowledge-based systems},
  volume={10},
  number={05},
  pages={557--570},
  year={2002},
  publisher={World Scientific}
}

@inproceedings{abay2018privacy,
  title={Privacy preserving synthetic data release using deep learning},
  author={Abay, Nazmiye Ceren and Zhou, Yan and Kantarcioglu, Murat and Thuraisingham, Bhavani and Sweeney, Latanya},
  booktitle={Joint European Conference on Machine Learning and Knowledge Discovery in Databases},
  pages={510--526},
  year={2018},
  organization={Springer}
}

@inproceedings{machanavajjhala2008privacy,
  title={Privacy: Theory meets practice on the map},
  author={Machanavajjhala, Ashwin and Kifer, Daniel and Abowd, John and Gehrke, Johannes and Vilhuber, Lars},
  booktitle={2008 IEEE 24th international conference on data engineering},
  pages={277--286},
  year={2008},
  organization={IEEE}
}

@article{joreskog1969general,
  title={A general approach to confirmatory maximum likelihood factor analysis},
  author={J{\"o}reskog, Karl G},
  journal={Psychometrika},
  volume={34},
  number={2},
  pages={183--202},
  year={1969},
  publisher={Springer}
}

@article{ryen2022building,
  title={Building Semantic Knowledge Graphs from (Semi-) Structured Data: A Review},
  author={Ryen, Vetle and Soylu, Ahmet and Roman, Dumitru},
  journal={Future Internet},
  volume={14},
  number={5},
  pages={129},
  year={2022},
  publisher={Multidisciplinary Digital Publishing Institute}
}

@article{abnar2020quantifying,
  title={Quantifying attention flow in transformers},
  author={Abnar, Samira and Zuidema, Willem},
  journal={arXiv preprint arXiv:2005.00928},
  year={2020}
}

@article{song2019explainable,
  title={Explainable knowledge graph-based recommendation via deep reinforcement learning},
  author={Song, Weiping and Duan, Zhijian and Yang, Ziqing and Zhu, Hao and Zhang, Ming and Tang, Jian},
  journal={arXiv preprint arXiv:1906.09506},
  year={2019}
}

@article{aldarra2015linked,
  title={A linked data-based decision tree classifier to review movies},
  author={Aldarra, Suad and Munoz, Emir},
  journal={Know@ LOD},
  year={2015},
  publisher={CEUR-WS. org}
}

@inproceedings{yao2022knowledge,
  title={Knowledge Enhanced Person-Job Fit for Talent Recruitment},
  author={Yao, Kaichun and Zhang, Jingshuai and Qin, Chuan and Wang, Peng and Zhu, Hengshu and Xiong, Hui},
  booktitle={2022 IEEE 38th International Conference on Data Engineering (ICDE)},
  pages={3467--3480},
  year={2022},
  organization={IEEE}
}

@article{chandrasekaran2021evolution,
  title={Evolution of semantic similarityâ€”a survey},
  author={Chandrasekaran, Dhivya and Mago, Vijay},
  journal={ACM Computing Surveys (CSUR)},
  volume={54},
  number={2},
  pages={1--37},
  year={2021},
  publisher={ACM New York, NY, USA}
}

@book{kejriwal2019domain,
  title={Domain-specific knowledge graph construction},
  author={Kejriwal, Mayank},
  year={2019},
  publisher={Springer}
}

@inproceedings{goyal2019con2kg,
  title={Con2kg-a large-scale domain-specific knowledge graph},
  author={Goyal, Nidhi and Sachdeva, Niharika and Choudhary, Vijay and Kar, Rijula and Kumaraguru, Ponnurangam and Rajput, Nitendra},
  booktitle={Proceedings of the 30th ACM Conference on Hypertext and Social Media},
  pages={287--288},
  year={2019}
}

@inproceedings{oelen2020creating,
  title={Creating a scholarly knowledge graph from survey article tables},
  author={Oelen, Allard and Stocker, Markus and Auer, S{\"o}ren},
  booktitle={International Conference on Asian Digital Libraries},
  pages={373--389},
  year={2020},
  organization={Springer}
}

@article{simsek2021knowledge,
  title={Knowledge Graph Lifecycle: Building and Maintaining Knowledge Graphs},
  author={Simsek, Umutcan and Angele, Kevin and K{\"a}rle, Elias and Opdenplatz, Juliette and Sommer, Dennis and Umbrich, J{\"u}rgen and Fensel, Dieter},
  year={2021}
}

@article{mountantonakis2019large,
  title={Large-scale semantic integration of linked data: A survey},
  author={Mountantonakis, Michalis and Tzitzikas, Yannis},
  journal={ACM Computing Surveys (CSUR)},
  volume={52},
  number={5},
  pages={1--40},
  year={2019},
  publisher={ACM New York, NY, USA}
}

@article{chen2020review,
  title={A review: Knowledge reasoning over knowledge graph},
  author={Chen, Xiaojun and Jia, Shengbin and Xiang, Yang},
  journal={Expert Systems with Applications},
  volume={141},
  pages={112948},
  year={2020},
  publisher={Elsevier}
}

@inproceedings{abdollahpouri2017recommender,
  title={Recommender systems as multistakeholder environments},
  author={Abdollahpouri, Himan and Burke, Robin and Mobasher, Bamshad},
  booktitle={Proceedings of the 25th Conference on User Modeling, Adaptation and Personalization},
  pages={347--348},
  year={2017}
}

@inproceedings{li2015random,
  title={On random walk based graph sampling},
  author={Li, Rong-Hua and Yu, Jeffrey Xu and Qin, Lu and Mao, Rui and Jin, Tan},
  booktitle={2015 IEEE 31st international conference on data engineering},
  pages={927--938},
  year={2015},
  organization={IEEE}
}

@article{rich1979user,
  title={User modeling via stereotypes},
  author={Rich, Elaine},
  journal={Cognitive science},
  volume={3},
  number={4},
  pages={329--354},
  year={1979},
  publisher={Elsevier}
}

@misc{karlgren1990algebra,
  title={An algebra for recommendations: Using reader data as a basis for measuring document proximity},
  author={Karlgren, Jussi},
  year={1990},
  publisher={Department of Computer and Systems Sciences, Stockholm University}
}

@article{vaswani2017attention,
  title={Attention is all you need},
  author={Vaswani, Ashish and Shazeer, Noam and Parmar, Niki and Uszkoreit, Jakob and Jones, Llion and Gomez, Aidan N and Kaiser, {\L}ukasz and Polosukhin, Illia},
  journal={Advances in neural information processing systems},
  volume={30},
  year={2017}
}

@article{zoph2022designing,
  title={Designing effective sparse expert models},
  author={Zoph, Barret and Bello, Irwan and Kumar, Sameer and Du, Nan and Huang, Yanping and Dean, Jeff and Shazeer, Noam and Fedus, William},
  journal={arXiv preprint arXiv:2202.08906},
  year={2022}
}

@article{he2020deberta,
  title={Deberta: Decoding-enhanced bert with disentangled attention},
  author={He, Pengcheng and Liu, Xiaodong and Gao, Jianfeng and Chen, Weizhu},
  journal={arXiv preprint arXiv:2006.03654},
  year={2020}
}

@article{lan2019albert,
  title={Albert: A lite bert for self-supervised learning of language representations},
  author={Lan, Zhenzhong and Chen, Mingda and Goodman, Sebastian and Gimpel, Kevin and Sharma, Piyush and Soricut, Radu},
  journal={arXiv preprint arXiv:1909.11942},
  year={2019}
}

@incollection{koprinska2022people,
  title={People-to-people reciprocal recommenders},
  author={Koprinska, Irena and Yacef, Kalina},
  booktitle={Recommender Systems Handbook},
  pages={421--446},
  year={2022},
  publisher={Springer}
}

@article{takase2021lessons,
  title={Lessons on parameter sharing across layers in transformers},
  author={Takase, Sho and Kiyono, Shun},
  journal={arXiv preprint arXiv:2104.06022},
  year={2021}
}

@article{wang2021towards,
  title={Towards zero-label language learning},
  author={Wang, Zirui and Yu, Adams Wei and Firat, Orhan and Cao, Yuan},
  journal={arXiv preprint arXiv:2109.09193},
  year={2021}
}

@inproceedings{zhang2021poolingformer,
  title={Poolingformer: Long document modeling with pooling attention},
  author={Zhang, Hang and Gong, Yeyun and Shen, Yelong and Li, Weisheng and Lv, Jiancheng and Duan, Nan and Chen, Weizhu},
  booktitle={International Conference on Machine Learning},
  pages={12437--12446},
  year={2021},
  organization={PMLR}
}

@article{sun2021ernie,
  title={Ernie 3.0: Large-scale knowledge enhanced pre-training for language understanding and generation},
  author={Sun, Yu and Wang, Shuohuan and Feng, Shikun and Ding, Siyu and Pang, Chao and Shang, Junyuan and Liu, Jiaxiang and Chen, Xuyi and Zhao, Yanbin and Lu, Yuxiang and others},
  journal={arXiv preprint arXiv:2107.02137},
  year={2021}
}

@inproceedings{lin2015learning,
  title={Learning entity and relation embeddings for knowledge graph completion},
  author={Lin, Yankai and Liu, Zhiyuan and Sun, Maosong and Liu, Yang and Zhu, Xuan},
  booktitle={Twenty-ninth AAAI conference on artificial intelligence},
  year={2015}
}

@article{shrivastava2022utility,
  title={Utility optimization-based multi-stakeholder personalized recommendation system},
  author={Shrivastava, Rahul and Sisodia, Dilip Singh and Nagwani, Naresh Kumar},
  journal={Data Technologies and Applications},
  number={ahead-of-print},
  year={2022},
  publisher={Emerald Publishing Limited}
}

% General survey
@article{guo2020survey,
  title={A survey on knowledge graph-based recommender systems},
  author={Guo, Qingyu and Zhuang, Fuzhen and Qin, Chuan and Zhu, Hengshu and Xie, Xing and Xiong, Hui and He, Qing},
  journal={IEEE Transactions on Knowledge and Data Engineering},
  year={2020},
  publisher={IEEE}
}


% SOTA? Outperforms KGAT, also uses attention, so likely is interpretable
% https://github.com/zealscott/HAKG
@article{sha2021hierarchical,
  title={Hierarchical attentive knowledge graph embedding for personalized recommendation},
  author={Sha, Xiao and Sun, Zhu and Zhang, Jie},
  journal={Electronic Commerce Research and Applications},
  volume={48},
  pages={101071},
  year={2021},
  publisher={Elsevier}
}

% Finds that regular embeddings tend to have some issues (i.e. poor embeddings due to sparsity, information imbalance) and solves them using contrastive learning. Proposed model does not use any interpretability mechanisms, but that might be possible to incorporate in the form of attention. 
@article{zou2022improving,
  title={Improving Knowledge-aware Recommendation with Multi-level Interactive Contrastive Learning},
  author={Zou, Ding and Wei, Wei and Wang, Ziyang and Mao, Xian-Ling and Zhu, Feida and Fang, Rui and Chen, Dangyang},
  journal={arXiv preprint arXiv:2208.10061},
  year={2022}
}

% Discusses the use of attention as an explainability technique. Additionally provides multiple ways to test the rigorousness of attention values. They largely conclude: it is dataset dependent, but in general attention values provide a _plausible_ explanation, which is often sufficient for users. 
@article{wiegreffe2019attention,
  title={Attention is not not explanation},
  author={Wiegreffe, Sarah and Pinter, Yuval},
  journal={arXiv preprint arXiv:1908.04626},
  year={2019}
}

% Application on a temporal classification task. 
@article{zhu2022kst,
  title={KST-GCN: A knowledge-driven spatial-temporal graph convolutional network for traffic forecasting},
  author={Zhu, Jiawei and Han, Xing and Deng, Hanhan and Tao, Chao and Zhao, Ling and Wang, Pu and Lin, Tao and Li, Haifeng},
  journal={IEEE Transactions on Intelligent Transportation Systems},
  year={2022},
  publisher={IEEE}
}


@inproceedings{spillo2022knowledge,
  title={Knowledge-aware Recommendations Based on Neuro-Symbolic Graph Embeddings and First-Order Logical Rules},
  author={Spillo, Giuseppe and Musto, Cataldo and De Gemmis, Marco and Lops, Pasquale and Semeraro, Giovanni},
  booktitle={Proceedings of the 16th ACM Conference on Recommender Systems},
  pages={616--621},
  year={2022}
}

@article{de2021job,
  title={Job recommender systems: A review},
  author={de Ruijt, Corn{\'e} and Bhulai, Sandjai},
  journal={arXiv preprint arXiv:2111.13576},
  year={2021}
}

% Might have some nice info on how to create the ontology
@article{martinez2020novel,
  title={A novel approach for learning how to automatically match job offers and candidate profiles},
  author={Martinez-Gil, Jorge and Paoletti, Alejandra Lorena and Pichler, Mario},
  journal={Information Systems Frontiers},
  volume={22},
  number={6},
  pages={1265--1274},
  year={2020},
  publisher={Springer}
}


@inproceedings{szymanski2021visual,
  title={Visual, textual or hybrid: the effect of user expertise on different explanations},
  author={Szymanski, Maxwell and Millecamp, Martijn and Verbert, Katrien},
  booktitle={26th International Conference on Intelligent User Interfaces},
  pages={109--119},
  year={2021}
}

@article{liashchynskyi2019grid,
  title={Grid search, random search, genetic algorithm: a big comparison for NAS},
  author={Liashchynskyi, Petro and Liashchynskyi, Pavlo},
  journal={arXiv preprint arXiv:1912.06059},
  year={2019}
}

@article{su2009survey,
  title={A survey of collaborative filtering techniques},
  author={Su, Xiaoyuan and Khoshgoftaar, Taghi M},
  journal={Advances in artificial intelligence},
  volume={2009},
  year={2009},
  publisher={Hindawi}
}

@article{lovasz1993random,
  title={Random walks on graphs},
  author={Lov{\'a}sz, L{\'a}szl{\'o}},
  journal={Combinatorics, Paul erdos is eighty},
  volume={2},
  number={1-46},
  pages={4},
  year={1993}
}

@article{schellingerhout2022explainable,
  title={Explainable Career Path Predictions using Neural Models},
  author={Schellingerhout, Roan and Medentsiy, Volodymyr and Marx, Maarten},
  year={2022}
}

@inproceedings{kleinerman2018providing,
  title={Providing explanations for recommendations in reciprocal environments},
  author={Kleinerman, Akiva and Rosenfeld, Ariel and Kraus, Sarit},
  booktitle={Proceedings of the 12th ACM conference on recommender systems},
  pages={22--30},
  year={2018}
}

@inproceedings{chen2005trust,
  title={Trust building in recommender agents},
  author={Chen, Li and Pu, Pearl},
  booktitle={Proceedings of the Workshop on Web Personalization, Recommender Systems and Intelligent User Interfaces at the 2nd International Conference on E-Business and Telecommunication Networks},
  pages={135--145},
  year={2005}
}

@inproceedings{pu2011user,
  title={A user-centric evaluation framework for recommender systems},
  author={Pu, Pearl and Chen, Li and Hu, Rong},
  booktitle={Proceedings of the fifth ACM conference on Recommender systems},
  pages={157--164},
  year={2011}
}

@article{velivckovic2017graph,
  title={Graph attention networks},
  author={Veli{\v{c}}kovi{\'c}, Petar and Cucurull, Guillem and Casanova, Arantxa and Romero, Adriana and Lio, Pietro and Bengio, Yoshua},
  journal={arXiv preprint arXiv:1710.10903},
  year={2017}
}

@article{burges2006learning,
  title={Learning to rank with nonsmooth cost functions},
  author={Burges, Christopher and Ragno, Robert and Le, Quoc},
  journal={Advances in neural information processing systems},
  volume={19},
  year={2006}
}